%% References
%%
%% Following citation commands can be used in the body text:
%%
%%  \citet{key}  ==>>  Jones et al. (1990)
%%  \citep{key}  ==>>  (Jones et al., 1990)
%%
%% Multiple citations as normal:
%% \citep{key1,key2}         ==>> (Jones et al., 1990; Smith, 1989)
%%                            or  (Jones et al., 1990, 1991)
%%                            or  (Jones et al., 1990a,b)
%% \cite{key} is the equivalent of \citet{key} in author-year mode
%%
%% Full author lists may be forced with \citet* or \citep*, e.g.
%%   \citep*{key}            ==>> (Jones, Baker, and Williams, 1990)
%%
%% Optional notes as:
%%   \citep[chap. 2]{key}    ==>> (Jones et al., 1990, chap. 2)
%%   \citep[e.g.,][]{key}    ==>> (e.g., Jones et al., 1990)
%%   \citep[see][pg. 34]{key}==>> (see Jones et al., 1990, pg. 34)
%%  (Note: in standard LaTeX, only one note is allowed, after the ref.
%%   Here, one note is like the standard, two make pre- and post-notes.)
%%
%%   \citealt{key}          ==>> Jones et al. 1990
%%   \citealt*{key}         ==>> Jones, Baker, and Williams 1990
%%   \citealp{key}          ==>> Jones et al., 1990
%%   \citealp*{key}         ==>> Jones, Baker, and Williams, 1990
%%
%% Additional citation possibilities
%%   \citeauthor{key}       ==>> Jones et al.
%%   \citeauthor*{key}      ==>> Jones, Baker, and Williams
%%   \citeyear{key}         ==>> 1990
%%   \citeyearpar{key}      ==>> (1990)
%%   \citetext{priv. comm.} ==>> (priv. comm.)
%%   \citenum{key}          ==>> 11 [non-superscripted]
%% Note: full author lists depends on whether the bib style supports them;
%%       if not, the abbreviated list is printed even when full requested.
%%
%% For names like della Robbia at the start of a sentence, use
%%   \Citet{dRob98}         ==>> Della Robbia (1998)
%%   \Citep{dRob98}         ==>> (Della Robbia, 1998)
%%   \Citeauthor{dRob98}    ==>> Della Robbia

@article{Middleton2010,
	year		= {2010},
	issn		= {1072-5369},
	journal		= {Journal of Archaeological Method and Theory},
	volume		= {17},
	number		= {3},
	title		= {The Study of Archaeological Floors: Methodological Proposal for the Analysis of Anthropogenic Residues by Spot Tests, ICP-OES, and GC-MS},
	author		= {Middleton, WilliamD. and Barba, Luis and Pecci, Alessandra and Burton, James H. and Ortiz, Agustin and Salvini, Laura and Suárez, Roberto Rodriguez},
	pages		= {183-208},
}
@incollection{Barba1986,                                                                                                                                                                                                                                                                                    
	author 			= {Barba, L.},
	booktitle 		= {Unidades habitacionales mesoamericanas y sus áreas de actividad},
	editor 			= {Manzanilla, L. },
	pages 			= {21--39},
	publisher 		= {UNAM},
	title 			= {La química en el estudio de áreas de actividad},
	year 			= {1986}
}
@Manual{R,
	title 			= {R: A Language and Environment for Statistical Computing},
	author 			= {{R Development Core Team}},
	organization 	= {R Foundation for Statistical Computing},
	address 		= {Vienna, Austria},
	year 			= {2014},
	url 			= {http://www.R-project.org/},
}
@book{Piperno2006,
	address 		= {Lanham, MD},
	author 			= {Piperno, Dolores R.},
	publisher 		= {Altamira Press},
	title 			= {{Phytoliths. A Comprehensive Guide for Archaeologists and Paleoecologists}},
	year 			= {2006}
}
@incollection{Albert2001,                                                                                                                                                                                                                                                                                        
	author 			= {Albert, Rosa Maria and Weiner, Steve},
	booktitle 		= {Phytoliths: Applications in Earth Sciences and Human History},
	editor 			= {Meunier, D. and Colin, F.},
	pages 			= {251--266},
	publisher 		= {Taylor \& Francis},
	title 			= {Study of phytoliths in prehistoric ash layers from Kebara and Tabun Caves using a quantitative approach},
	year 			= {2001}
}
@article{Pearsall2008a,
	author 			= {Pearsall, Deborah M and Piperno, Dolores R and Dinan, Elizabeth H and Umlauf, Marcelle and Zhao, Zhijun and Benfer, Robert A},
	journal 		= {New York},
	number 			= {2},
	pages 			= {183--196},
	title 			= {Distinguishing Rice (\textit{Oryza sativa}, Poaceae) from Wild Oryza Species through Phytolith Analysis: Results of Preliminary Research Published by : Springer on behalf of New York Botanical Garden Press Stable},
	url				= {http://www.jstor.org/stable/4255715 DISTING},
	volume 			= {49},
	year 			= {2008}
}
@book{Piperno2006,
	address 		= {Lanham},
	author 			= {Piperno, D.},
	publisher 		= {Altamira Press},
	title 			= {{Phytoliths. A Comprehensive Guide for Archaeologists and Paleoecologists}},
	year 			= {2006}
}
@phdthesis{Zurro2010,
	author 			= {Zurro, D\'{e}bora},
	language 		= {spa},
	pages 			= {620},
	publisher 		= {Universitat Autònoma de Barcelona},
	school 			= {Universitat Autònoma de Barcelona.},
	title 			= {{Ni carne ni pescado (consumo de recursos vegetales en la Prehistoria): Análisis de la variabilidad de los conjuntos fitolitològicos en contextos cazadores-recolectores}},
	type 			= {PhD thesis},
	url 			= {http://www.tdx.cat/handle/10803/32145\#.T88rYegrq\_s.mendeley},
	year 			= {2011}
}
@article{Madella2012,
	journal 		= {Quaternary International},
	month 			= {sep},
	pages 			= {76--83},
	title 			= {Taphonomy and Phytoliths: A User Manual},
	url 			= {http://dx.doi.org/10.1016/j.quaint.2011.09.008},
	volume 			= {275},
	year 			= {2012}
}
@article {chao2006,
	author 			= {Chao, Anne and Chazdon, Robin L. and Colwell, Robert K. and Shen, Tsung-Jen},
	title 			= {Abundance-Based Similarity Indices and Their Estimation When There Are Unseen Species in Samples},
	journal 		= {Biometrics},
	volume 			= {62},
	number 			= {2},
	publisher 		= {Blackwell Publishing Inc},
	issn 			= {1541-0420},
	url 			= {http://dx.doi.org/10.1111/j.1541-0420.2005.00489.x},
	doi 			= {10.1111/j.1541-0420.2005.00489.x},
	pages 			= {361--371},
	keywords 		= {Beta diversity, Biodiversity, Forest succession, Species overlap},
	year 			= {2006},
}
@article {chao2008,
	author 			= {Chao, Anne and Jost, Lou and Chiang, S. C. and Jiang, Y.-H. and Chazdon, Robin L.},
	title 			= {A Two-Stage Probabilistic Approach to Multiple-Community Similarity Indices},
	journal 		= {Biometrics},
	volume 			= {64},
	number 			= {4},
	publisher 		= {Blackwell Publishing Inc},
	issn 			= {1541-0420},
	url 			= {http://dx.doi.org/10.1111/j.1541-0420.2008.01010.x},
	doi 			= {10.1111/j.1541-0420.2008.01010.x},
	pages 			= {1178--1186},
	keywords 		= {Abundance data, Beta diversity, Morisita index, NESS index, Shared species, Species overlap},
	year 			= {2008},
}
@article{GurArieh2013,
	title 			= {An ethnoarchaeological study of cooking installations in rural Uzbekistan: development of a new method for identification of fuel sources},
	journal 		= {Journal of Archaeological Science },
	volume 			= {40},
	number 			= {12},
	pages 			= {4331 - 4347},
	year 			= {2013},
	issn 			= {0305-4403},
	doi 			= {http://dx.doi.org/10.1016/j.jas.2013.06.001},
	url 			= {http://www.sciencedirect.com/science/article/pii/S0305440313002045},
	author 			= {Shira Gur-Arieh and Eugenia Mintz and Elisabetta Boaretto and Ruth Shahack-Gross},
}
@article{Linseele2013,
	author 			= {Veerle Linseele and Heiko Riemer and Jan Baeten and Dirk De Vos and Elena Marinova and Claudio Ottoni},
	title 			= {Species identification of archaeological dung remains: A critical review of potential methods},
	journal 		= {Environmental Archaeology},
	volume 			= {18},
	number 			= {1},
	pages 			= {5-17},
	year 			= {2013},
}
@article{Rondelli2014,
	title 			= {Anthropic activity markers and spatial variability: an ethnoarchaeological experiment in a domestic unit of Northern Gujarat (India)},
	volume 			= {41},
	issn 			= {03054403},
	shorttitle 		= {Anthropic activity markers and spatial variability},
	url 			= {http://linkinghub.elsevier.com/retrieve/pii/S030544031300321X},
	doi 			= {10.1016/j.jas.2013.09.008},
	language 		= {en},
	urldate 		= {2015-05-21},
	journal 		= {Journal of Archaeological Science},
	author 			= {Rondelli, Bernardo and Lancelotti, Carla and Madella, Marco and Pecci, Alessandra and Balbo, Andrea and Pérez, Javier Ruiz and Inserra, Fernanda and Gadekar, Charusmita and Ontiveros, Miquel Ángel Cau and Ajithprasad, P.},
	month 			= jan,
	year 			= {2014},
	pages 			= {482--492},
}
@article{Friesem2011,
	title 			= {Degradation of mud brick houses in an arid environment: a geoarchaeological model},
	volume 			= {38},
	issn 			= {0305-4403},
	shorttitle 		= {Degradation of mud brick houses in an arid environment},
	url 			= {http://www.sciencedirect.com/science/article/pii/S0305440310004486},
	doi 			= {10.1016/j.jas.2010.12.011},
	number 			= {5},
	urldate 		= {2015-05-21},
	journal 		= {Journal of Archaeological Science},
	author 			= {Friesem, David and Boaretto, Elisabetta and Eliyahu-Behar, Adi and Shahack-Gross, Ruth},
	month 			= {may},
	year 			= {2011},
	pages 			= {1135--1147},
}
@article{Friesem2014,
	title 			= {Sedimentary processes involved in mud brick degradation in temperate environments: a micromorphological approach in an ethnoarchaeological context in northern Greece},
	volume 			= {41},
	issn			= {0305-4403},
	shorttitle 		= {Sedimentary processes involved in mud brick degradation in temperate environments},
	url 			= {http://www.sciencedirect.com/science/article/pii/S0305440313003300},
	doi 			= {10.1016/j.jas.2013.09.017},
	urldate 		= {2015-05-22},
	journal 		= {Journal of Archaeological Science},
	author 			= {Friesem, David E. and Karkanas, Panagiotis and Tsartsidou, Georgia and Shahack-Gross, Ruth},
	month 			= {jan},
	year 			= {2014},
	keywords 		= {Degradation, Micromorphology, Mud bricks, Sedimentary flow deposits, Site formation processes, Temperate environment},
	pages 			= {556--567},
}
@article{Beresford-jones2010,
	title 			= {Burning wood or burning bone? {A} reconsideration of flotation evidence from Upper Palaeolithic (Gravettian) sites in the Moravian Corridor},
	volume 			= {37},
	issn 			= {03054403},
	shorttitle 		= {Burning wood or burning bone?},
	url 			= {http://linkinghub.elsevier.com/retrieve/pii/S0305440310002086},
	doi 			= {10.1016/j.jas.2010.06.014},
	language 		= {en},
	number 			= {11},
	urldate 		= {2015-05-22},
	journal 		= {Journal of Archaeological Science},
	author 			= {Beresford-Jones, David G. and Johnson, Katherine and Pullen, Alexander G. and Pryor, Alexander J.E. and Svoboda, Jiří and Jones, Martin K.},
	month 			= {nov},
	year 			= {2010},
	pages 			= {2799--2811},
}
@article{Thery-parisot2002,
	title 			= {Fuel Management (Bone and Wood) During the Lower Aurignacian in the Pataud Rock Shelter (Lower Palaeolithic, Les Eyzies de Tayac, Dordogne, France). Contribution of Experimentation},
	volume 			= {29},
	issn 			= {03054403},
	url 			= {http://linkinghub.elsevier.com/retrieve/pii/S0305440301907812},
	doi 			= {10.1006/jasc.2001.0781},
	language 		= {en},
	number 			= {12},
	urldate 		= {2015-05-22},
	journal 		= {Journal of Archaeological Science},
	author 			= {Théry-Parisot, I.},
	month 			= {dec},
	year 			= {2002},
	pages 			= {1415--1421},
}
@article{Madella1998,
	title 			= {A simple method of extraction of opal phytoliths from sediments using a non-toxic heavy liquid},
	volume 			= {25},
	url 			= {http://www.sciencedirect.com/science/article/pii/S0305440397902260},
	number 			= {8},
	urldate 		= {2015-05-25},
	journal 		= {Journal of Archaeological Science},
	author 			= {Madella, Marco and Powers-Jones, Alix H. and Jones, Martin K.},
	year 			= {1998},
	pages 			= {801--803},
}
@article{Veen1982,
	title 			= {Sampling Seeds},
	volume 			= {9},
	journal 		= {Journal of Archaeological Science},
	author 			= {van der Veen, Marijke and Fieller, Nick},
	year			= {1982},
	pages 			= {287--298},
}
@article{Lancelotti2012,
	title 			= {The ‘invisible’ product: developing markers for identifying dung in archaeological contexts},
	volume 			= {39},
	issn 			= {03054403},
	shorttitle 		= {The ‘invisible’ product},
	url 			= {http://linkinghub.elsevier.com/retrieve/pii/S0305440311004110},
	doi 			= {10.1016/j.jas.2011.11.007},
	language 		= {en},
	number 			= {4},
	urldate 		= {2015-05-25},
	journal 		= {Journal of Archaeological Science},
	author 			= {Lancelotti, Carla and Madella, Marco},
	month 			= {apr},
	year 			= {2012},
	pages 			= {953--963},
}
@misc{antiquitygallery,
	author 			= {Madella, Marco and Ajithprasad, P. and Lancelotti, Carla and Rondelli, Bernardo and Balbo, Andrea and French, Charly and Rodríguez, David and García-Granero, Juan José and Yannitto, Victoria and S.V., Rajesh, Gadekar Charusmita and Briz, Ivan},
	title 			= {Social and environmental transitions in arid zones: the North Gujarat Archaeological Project-NoGAP},
	journal 		= {Antiquity Gallery},
	url 			= {http://antiquity.ac.uk/projgall/madella325/},
	year 			= {2010},
}
@incollection{Harris2000,                                                                                                                                                                                                                                                                                        
	author 			= {Harris, Marvin},
	booktitle 		= {Nutritional Anthropology. Biocultural Perspectives on Food and Nutrition},
	editor 			= {Goodman, A.H. and Dufur, D.L. and Pelto, G.H.},
	pages 			= {113--118},
	publisher 		= {Mayfield Publishing Company},
	title 			= {India’s sacred cow},
	year 			= {2001}
}
@book{Chabal1997,
	address 		= {Paris},
	author 			= {Chabal, L.},
	pages 			= {189},
	publisher 		= {Doc. d’Arch\'{e}ol. Fran\c{c}aise},
	title 			= {{Forets et soci\'{e}t\'{e}s en Languedoc (N\'{e}olithique Final Antiquit\'{e} Tardive). L'Anthracologie, m\'{e}thode et pal\'{e}o\'{e}cologie}},
	year 			= {1997}
}
@phdthesis{Lancelotti2010,
	author 			= {Lancelotti, Carla},
	pages 			= {276},
	school 			= {University of Cambridge},
	title 			= {Fuelling Harappan hearths : human-environment interactions as revealed by fuel exploitation and use},
	type 			= {PhD thesis},
	url 			= {http://ulmss-newton.lib.cam.ac.uk/vwebv/holdingsInfo?bibId=33135},
	year 			= {2010}
}
@article{factominer,
	author 			= {Sébastien Lê and Julie Josse and François Husson},
	title 			= {FactoMineR: An R Package for Multivariate Analysis},	
	journal 		= {Journal of Statistical Software},
	volume 			= {25},
	number 			= {1},
	pages 			= {1--18},
	year 			= {2008},
	ISSN 			= {1548-7660},
}
@article{Viswanathan2005,
	title 			= {Cooking fuel use patterns in India: 1983-2000},
	author 			= {Viswanathan, Brinda and Kumar, K.S. Kavi},
	year 			= {2005},
	journal 		= {Energy Policy},
	volume 			= {33},
	number 			= {8},
	pages 			= {1021-1036},
	url 			= {http://EconPapers.repec.org/RePEc:eee:enepol:v:33:y:2005:i:8:p:1021-1036}
}
@article{Meyer2003	,
	title 			= {Understanding Hearth Function: An Approach from Harappa},
	author 			= {Meyer, jonathan},
	year 			= {2003},
	journal 		= {Asian Perspectives},
	volume 			= {42},
	number 			= {2},
	pages 			= {287-303},
	url 			= {http://EconPapers.repec.org/RePEc:eee:enepol:v:33:y:2005:i:8:p:1021-1036}
}
@article{ShahackGross2004,
	title 			= {Reconstruction of spatial organization in abandoned Maasai settlements: implications for site structure in the Pastoral Neolithic of East Africa },
	journal 		= {Journal of Archaeological Science },
	volume 			= {31},
	number 			= {10},
	pages 			= {1395 - 1411},
	year 			= {2004},
	author 			= {Ruth Shahack-Gross and Fiona Marshall and Kathleen Ryan and Steve Weiner},
}
@incollection{Penaa,
	address 		= {K\"{o}ln},
	author 			= {{Zapata Pe\~{n}a}, Lydia and {Pe\~{n}a Chocarro}, Leonor and {Iba\~{n}ez Est\'{e}vez}, Juan Jos\'{e} and {Gonz\'{a}lez Urquijo}, Emilio Jes\'{u}s},
	booktitle 		= {Food, Fuels and Fields - Progress in African Archaeobotany. Africa Praehistorica},
	keywords 		= {dung,ethnoarchaeology,fuel,morocco,rif},
	pages 			= {163--175},
	publisher 		= {Heinrich - Barth - Institut},
	title 			= {{Ethnoarchaeology in the Moroccan Jebala (Western Rif): wood and dung as fuel}},
	year 			= {2003}
}
@article{ShahackGross2011,
	title 			= {Herbivorous livestock dung: formation, taphonomy, methods for identification, and archaeological significance },
	journal 		= {Journal of Archaeological Science},
	volume 			= {38},
	number 			= {2},
	pages 			= {205 - 218},
	year 			= {2011},
	author 			= {Ruth Shahack-Gross},
}
@article{Asouti2003,
	author 			= {Asouti, Eleni},
	doi 			= {10.1016/S0305-4403(03)00015-3},
	issn 			= {03054403},
	journal 		= {Journal of Archaeological Science},
	keywords 		= {1,archaeobotany,central anatolia,charcoal analysis,firewood,neolithic,taphonomy,the site of pınarbas,turkey},
	number 			= {9},
	pages 			= {1185--1201},
	title 			= {{Woodland vegetation and fuel exploitation at the prehistoric campsite of Pınarbası, south-central Anatolia, Turkey: the evidence from the wood charcoal macro-remains}},
	url 			= {http://linkinghub.elsevier.com/retrieve/pii/S0305440303000153},
	volume 			= {30},
	year 			= {2003}
}